<record><leader>00000cas a2200000 a 4500</leader><controlfield tag="001">11960591</controlfield><controlfield tag="008">850425d18981946ksuwr ne      0    0eng d</controlfield><datafield ind1=" " ind2=" " tag="010"><subfield code="a">sn 85031214 </subfield></datafield><datafield ind1=" " ind2=" " tag="040"><subfield code="a">KSH</subfield><subfield code="b">eng</subfield><subfield code="c">KSH</subfield><subfield code="d">NPT</subfield><subfield code="d">OCL</subfield><subfield code="d">OCLCQ</subfield></datafield><datafield ind1=" " ind2=" " tag="042"><subfield code="a">msc</subfield></datafield><datafield ind1="0" ind2="4" tag="245"><subfield code="a">The Advocate and democrat.</subfield></datafield><datafield ind1="1" ind2="3" tag="246"><subfield code="a">Advocate-democrat</subfield></datafield><datafield ind1=" " ind2=" " tag="260"><subfield code="a">Marysville, Kan. :</subfield><subfield code="b">S.E. Ruede,</subfield><subfield code="c">1898-1946.</subfield></datafield><datafield ind1=" " ind2=" " tag="300"><subfield code="a">49 v. :</subfield><subfield code="b">ill.</subfield></datafield><datafield ind1=" " ind2=" " tag="310"><subfield code="a">Weekly</subfield></datafield><datafield ind1="0" ind2=" " tag="362"><subfield code="a">Vol. 12, no. 21 (Feb. 4, 1898)-v. 61, no. 36 (Mar. 28, 1946).</subfield></datafield><datafield ind1=" " ind2=" " tag="500"><subfield code="a">Publisher varies.</subfield></datafield><datafield ind1=" " ind2=" " tag="500"><subfield code="a">"Official paper of Marshall County."</subfield></datafield><datafield ind1=" " ind2=" " tag="500"><subfield code="a">"People's Party."</subfield></datafield><datafield ind1=" " ind2=" " tag="500"><subfield code="a">"Democrat."</subfield></datafield><datafield ind1=" " ind2=" " tag="752"><subfield code="a">United States</subfield><subfield code="b">Kansas</subfield><subfield code="c">Marshall</subfield><subfield code="d">Marysville.</subfield></datafield><datafield ind1="0" ind2="4" tag="780"><subfield code="t">People's advocate (Marysville, Kan.)</subfield><subfield code="w">(DLC)sn 85031211</subfield></datafield><datafield ind1="0" ind2="4" tag="780"><subfield code="t">Marshall County democrat (Marysville, Kan. : 1882)</subfield><subfield code="w">(DLC)sn 85031213</subfield></datafield><datafield ind1="0" ind2="5" tag="780"><subfield code="t">Oketo herald</subfield><subfield code="g">Feb. 26, 1904</subfield><subfield code="w">(DLC)sn 85031216</subfield></datafield><datafield ind1="0" ind2="0" tag="785"><subfield code="t">Marysville advocate</subfield><subfield code="w">(OCoLC)8801258</subfield></datafield></record>